
@Book{Rumelhart,
  author =    "D. Rumelhart and J. McClelland",
  title =     "Parallel Distributed Processing",
  publisher = "MIT Press, Cambridge, MA",
  year =      1986
}

@Book{Whitley,
  author =    "D. Whitley",
  title =     "The GENITOR Algorithm and Selection Presure: Why
		  rank-based allocation of reproductive trials is best",
  publisher = "in J.D. Schaffer (Ed.), Proceedings of The Third
		  International Conference on Genetic Algorithms,
		  Morgan Kauffmann, Publishers, 116-121",
  year =      1989
}


@Article         {heli1,
        author = {R. Marabini and J.M. Carazo},
         title = {Pattern recognition and classification of images of
                  biological macromolecules using artificial neural networks.},
       journal = {Biophysics Journal, 66:1904-1814},
          year = 1994
}

@Article         {heli2,
        author = {J.J. Merelo; A. Prieto; F. Mor\'{a}n; R. Marabini and J.M Carazo},
         title = {Automatic classification of biological particles
                  from electron-microscopy images using conventional
                  and genetic-algorithm optimized learning vector quantization},
       journal = {IWANN97. Lectures Notes in Computer Science, vol. 1240, 1174-1182},
          year = 1997
}

@Article         {heliNPL,
        author = {J.J. Merelo; A. Prieto; F. Mor\'{a}n; R. Marabini and J.M Carazo},
         title = {{Automatic Classification of Biological Particles
                  from Electron-microscopy Images Using Conventional
                  and Genetic-algorithm Optimized Learning Vector Quantization}},
       journal = {Neural Proccessing Letters 8: 55-65, 1998},
          year = 1998
}

@Article         {heli3,
        author = {J.J. Fern\'{a}ndez and J.M. Carazo},
         title = {Analysis of structural variability within
                  two-dimensional biological crystals by a combination
                  of patch averaging techniques and self-organizing maps.},
       journal = {Ultramicroscopy, 65:81-93},
          year = 1996
}

@Article         {Tantigen,
        author = {C. San Martin; C. Gruss; J.M. Carazo},
         title = {Six molecules of {SV40} large T antigen assemble in a
		  propeller-shaped particle around a channel},
       journal = {Journal of Molecular Biology, page in press},
          year = 1997
}

		  
@Article         {Petridis,
        author = {V. Petridis; S. Kazarlis; A. Papaikonomu and A. Filelis},
         title = {A hybrid genetic algorithm for training neural networks},
       journal = {Artificial Neural Networks, 2, 953-956},
          year = 1992
}

@Article         {Kinnebrock,
        author = {Werner Kinnebrock},
         title = {Accelerating the standard backpropagation method
                  using a genetic approach},
       journal = {Neurocomputing, 6, 583-588},
          year = 1994
}

@Article         {Ribert,
        author = {A. Ribert; E. Stocker; Y. Lecourtier and A. Ennaji},
         title = {{Optimizing a Neural Network Architecture with an
                  Adaptive Parameter Genetic Algorithm}},
       journal = {IWANN97. Lectures Notes in Computer Science, vol. 1240, 527-535},
          year = 1994
}

@Article         {Alba,
        author = {E. Alba et al.},
         title = {{Full Automatic ANN Design: A Genetic Approach}},
       journal = {IWANN97. Lectures Notes in Computer Science, vol. 1240, 399-404},
          year = 1997
}

@Article         {White,
        author = {David White and Panos Ligomenides},
         title = {{GANNet: A Genetic Algorithm for Optimizing Topology
                  and Weights in Neural Network Design}},
       journal = {IWANN93. Lectures Notes in Computer Science, vol. 686, 322-327},
          year = 1993
}

@Article         {Topchy,
        author = {A.P. Topchy; O.A. Lebedko; V.V. Miagkikh},
         title = {Fast learning in multilayered neural networks by
                  means of hybrid evolutionary and gradient algorithms},
       journal = {to appear in Proc. of IC on Evolutionary Computation
		  and Its Applications, Moscow},
          year = 1996
}

@Article         {Michel,
        author = {O. Michel and J. Biondi},
         title = {{From the Cromosome to the Neural Network}},
       journal = {Artificial Neural Nets and Genetic Algorithms, 80-83},
          year = 1995
}



@Article         {Bellido,
        author = {I. Bellido and G. Fernandez},
         title = {{Backpropagation Growing Networks: Towards Local
                  Minima Elimination}},
       journal = {IWANN91. Lectures Notes in Computer Science, vol. 540, 130-135},
          year = 1991
}


@Article         {Pelillo,
        author = {M. Pelillo and A. Fanelli},
         title = {{A Method of Pruning Layered Feed-Forward Neural Networks}},
       journal = {IWANN93. Lectures Notes in Computer Science, vol. 686, 278-283},
          year = 1993
}


@Article         {FahlmanQP,
        author = {S.E. Fahlman},
         title = {{Faster-Learning Variations on Back-Propagation: An
                  Empirical Study}},
       journal = {Proceedings of the 1988 Connectionist Models Summer
                  School, Morgan Kaufmann},
          year = 1988
}


@TechReport{FahlmanBENCHMARKS,
  author = 	 "S. Fahlman",
  title = 	 "An Empirical Study of Learning Speed in Back-Propagation Networks",
  institution =  "Carnegie Mellon University",
  year = 	 1988
}

@Article         {FahlmanCASCOR,
        author = {S. Fahlman and C. Lebi\`{e}re},
         title = {{The Cascade-Correlation Learning Architecture}},
       journal = {Neural Information Processing Systems 2. Touretzky, D.S. (ed)
		  Morgan-Kauffman, 524-532},
          year = 1990
}


@Article         {Alpaydim,
        author = {Ethem Alpaydim},
         title = {{GAL}: Networks that grow when they learn and shrink
                  when they forget},
       journal = {International Journal of Pattern Recognition and Artificial Intelligence , 8(1), 391-414},
          year = 1994
}


@Article         {Jasic,
        author = {T. Jasic and H. Poh},
         title = {{Analysis of Pruning in Backpropagation Networks for
                  Artificial and Real World Mapping Problems}},
       journal = {IWANN95. Lectures Notes in Computer Science, vol. 930, 239-245},
          year = 1995
}


@TechReport{     Parekh,
  author = 	 "R. Parekh; J. Yang and Honavar V.",
  title = 	 "Constructive Neural Network Learning Algorithms for Multi-Category Real-Valued Pattern Classification",
  institution =  "Department of Computer Science, Iowa State University.",
  year = 	 1997,
  number =	 "ISU-CS-TR-97-06"
}

		  
@Article         {competitiveNNGA,
        author = {J.J. Merelo; M. Pat\'{o}n; A. {Ca\~nas}; A. Prieto and F. Mor\'{a}n},
         title = {Optimization of a competitive learning neural
		  network by genetic algorithms},
       journal = {IWANN93. Lectures Notes in Computer Science, vol. 686, 185-192},
          year = 1993
}


@Article         {Montana,
        author = {D.J. Montana; L. Davis},
         title = {Training feedforward neural networks using genetic algorithms},
       journal = {Proc. 11th Internat. Joint Conf. on Artificial
		  Intelligence, 762-767},
          year = 1989
}

		  		  
@Article         {Mandischer,
        author = {Martin Mandischer},
         title = {{Representation and Evolution of Neural Networks}},
       journal = {XXX},
          year = XXX
}

@Article         {Romaniuk,
        author = {S. Romaniuk},
         title = {{Application of Learning to Learn to Real-World
                  Pattern Recognition}},
       journal = {Artificial Neural Nets and Genetic Algorithms},
          year = 1995
}

		  
@techreport{Prechelt94c,
   author    = {Lutz Prechelt},
   title     = {{PROBEN1} --- {A} Set of Benchmarks and Benchmarking
                Rules for Neural Network Training Algorithms},
   institution = {Fakult\"at f\"ur Informatik, Universit\"at Karlsruhe},
   year      = {1994},
   number    = {21/94},
   address   = {D-76128 Karlsruhe, Germany},
   month     = sep
}


@Article         {Wolberg,
        author = {O. L. Mangasarian; R. Setiono and W.H. Wolberg},
         title = {Pattern recognition via linear programming: Theory and application to medical diagnosis},
       journal = {Large-scale numerical optimization, Thomas F. Coleman and Yuying Li, editors, SIAM Publications, Philadelphia 1990, pp 22-30},
          year = 1990
}

		  
@Article         {Hwang,
        author = {J. Hwang; S. You; S. Lay and I. Jou},
         title = {The Cascade-Correlation Learning: A Projection
		  Pursuit Learning Perspective},
       journal = {IEEE Trans. Neural Networks vol.7, no.2, pp.278-289},
          year = 1996
}

		  
@Article         {Miller,
        author = {G.F. Miller; P.M Todd and S.U. Hegde},
         title = {Designing neural networks using genetic algorithms},
       journal = {In J.D.Schaffer, editor, Proceedings of the Third
		  International Conference on Genetic Algorithms,
		  pages 379-384, San Mateo, 1989},
          year = 1989
}

		  
@Article         {Beer,
        author = {R.D. Beer; J.C. Gallagher},
         title = {Evolving Dynamical Neural Networks for Adaptive Behavior},
       journal = {Adaptive Behavior, vol. 1, pp. 91-122},
          year = 1994
}


@Book{Michalewicz,
  author =    "Zbigniew Michalewicz",
  title =     "Genetic Algorithms + Data Structures = Evolution
		  Programs , Third, Extended Edition",
  publisher = "Springer-Verlag",
  year =      1996
}
		  


		  
@Article         {Bebis,
        author = {G. Bebis; M. Georgiopoulos; T. Kasparis},
         title = {Coupling weight elimination with genetic algorithms
		  to reduce network size and preserve generalization},
       journal = {Neurocomputing 17 (1997) 167-194},
          year = 1997
}

		  
		  		  
@Article         {Fukuoka,
        author = {Y. Fukuoka; H. Matsuki; H. Minamitani; A. Ishida},
         title = {A modified back-propagation method to avoid false
		  local minima},
       journal = {Neural Networks 11 (1998) 1059-1072},
          year = 1998
}

		  

@Article         {Rathbun,
        author = {T. Rathbun; S. Rogers; M. DeSimio; M. Oxley},
         title = {{MLP iterative construction algorithm}},
       journal = {Neurocomputing 17 (1997) 195-216},
          year = 1997
}

		  

@Article         {McLoone,
        author = {S. McLoone; M. Brown; G. Irwin; Senior Member; IEEE; G. Lightbody},
         title = {{A Hybrid Linear/Nonlinear Training Algorithm for
		  Feedforward Neural Networks}},
       journal = {IEEE Transactions on Neural Networks, vol. 9, no. 4},
          year = 1998
}

		  
@Article         {KIM,
        author = {Myung-Chan Kim; Chong-Ho Choi},
         title = {{A new weight initialization method for the MLP with
		  the BP in multiclass classification problems}},
       journal = {Neural Processing Letters 6: 11-23},
          year = 1997
}
		  
@Article         {Fujita,
        author = {O. Fujita},
         title = {Statistical estimation of the number of hidden units 
		  for feedforward neural networks},
       journal = {Neural Networks 11 (1998) 851-859},
          year = 1998
}
		  
@Article         {Petersen,
        author = {M. Petersen; J. Talmon; A. Hasman; A. Ambergen},
         title = {Assessing the importance of features for multi-layer 
		  perceptrons},
       journal = {Neural Networks 11 (1998) 623-635},
          year = 1998
}
		  
@Article         {Zhang,
        author = {J. Zhang; A. Morris},
         title = {A sequential learning approach for single hidden
		  layer neural networks},
       journal = {Neural Networks 11 (1997) 65-80},
          year = 1997
}
		  
@Article         {Stager,
        author = {F. Stager; M. Agarwal},
         title = {Three methods to speed up the training of
		  feedforward and feedback perceptrons},
       journal = {Neural Networks 10 (1996) 1435-1443},
          year = 1996
}
		  
@Article         {McKeown,
        author = {J. McKeown; F. Stella; G. Hall},
         title = {Some numerical aspects of the training problem for
		  feed-forward neural nets},
       journal = {Neural Networks 10 (1996) 1445-1463},
          year = 1996
}
		  
@Article         {Dai,
        author = {H. Dai; C. MacBeth},
         title = {{Effects of learning parameters on learning procedure 
		  and performance of a BPNN}},
       journal = {Neural Networks 10 (1996) 1505-1521},
          year = 1996
}

		  		  
@Article         {Weigend,
        author = {A. Weigend; D. Rumelhart; B. Huberman},
         title = {Generalization by weight elimination with
		  application to forecasting},
       journal = {Adv. Neural Inform. Process. Systems 3 (1991) 875-882},
          year = 1991
}



@Article         {LeCun,
        author = {Y. Le Cun; J.S. Denker; S.A. Solla},
         title = {Optimal brain damage},
       journal = {Neural Information Systems 2. Touretzky, D.S. (ed)
		  Morgan-Kauffman, pp. 598-605},
          year = 1990
}


@Article         {Hassibi,
        author = {B. Hassibi; D.G. Stork; G. Wolff; T. Watanabe},
         title = {{Optimal Brain Surgeon: extensions and performance comparisons}},
       journal = {In NIPS6, pp. 263-270},
          year = 1994
}

		  
@Article         {Riedmiller93,
        author = {M. Riedmiller and H. Braun},
         title = {{A Direct Adaptive Method for Faster Backpropagation
		  Learning: The RPROP Algorithm}},
       journal = {In Ruspini, H., (Ed.) Proc. of the ICNN93, San Francisco, pp. 586-591},
          year = 1993
}
		  
@TechReport{Riedmiller94,
  author = 	 "M. Riedmiller",
  title = 	 "{Description and Implementation Details}",
  institution =  "University of Karlsruhe",
  year = 	 1994
}

		  
@Article         {Kirkpatrick,
        author = {S. Kirkpatrick; C.D. Gerlatt; M.P. Vecchi},
         title = {{Optimization by Simulated Annealing}},
       journal = {Science 220, 671-680},
          year = 1983
}
		  
@Article         {Metropolis,
        author = {N. Metropolis; A.W. Rosenbluth; M.N. Rosenbluth;
		  A.H. Teller; E. Teller},
         title = {{Equations of State Calculations by Fast Computing Machines}},
       journal = {J. Chem. Phys. 21,1087-1092},
          year = 1958
}


@Article         {Aarts,
        author = {E.H.L. Aarts and J. Korst},
         title = {{Simulated Annealing and Boltzmann Machines}},
       journal = {John Wiley, Chichester, U.K.},
          year = 1989
}


@Article         {Tambouratzis,
        author = {T. Tambouratzis},
         title = {{Simulated Annealing Artificial Neural Networks For
		  The Satisfiability (SAT) Problem}},
       journal = {Artificial Neural Nets and Genetic Algorithms, 340-343},
          year = 1995
}

@Article         {Vergara,
        author = {V. Vergara; S. Sinne; C. Moraga},
         title = {{Optimal Identification Using Feed-Forward Neural Networks}},
       journal = {IWANN95. Lectures Notes in Computer Science, vol. 930, 1052-1059},
          year = 1995
}

@Article         {Castillo1,
        author = {P.A. Castillo; J. Gonz\'{a}lez; J.J. Merelo; V. Rivas;
		  G. Romero; A. Prieto},
         title = {{G-Prop: Global Optimization of Multilayer Perceptrons using GAs}},
       journal = {Submitted to Neurocomputing (2nd revision)},
          year = 1999
}

@Article         {Castillo2,
        author = {P.A. Castillo; J. Gonz\'{a}lez; J.J. Merelo; V. Rivas;
		  G. Romero; A. Prieto},
         title = {{SA-Prop: Optimization of Multilayer Perceptron
		  Parameters using Simulated Annealing}},
       journal = {In Lecture Notes in Computer Science, Volume I, volume 1606, pp. 661-670},
          year = 1998
}

@Article         {Castillo3,
        author = {P.A. Castillo; J. Gonz\'{a}lez; J.J. Merelo; V. Rivas;
		  G. Romero; A. Prieto},
         title = {{G-Prop-II: Global Optimization of Multilayer
		  Perceptrons using GAs}},
       journal = {In Congress on Evolutionary Computation, Washington D.C., USA},
          year = 1999
}

		  
@Article         {Mads,
        author = {Mads Hintz-Madsen; Lars Kai Hansen; Jan Larsen;
		  Morten With Pedersen; Michael Larsen},
         title = {Neural classifier construction using
		  regularization, pruning and test error estimation},
       journal = {Neural Networks 11, 1659-1670},
          year = 1998
}


@article{Yao93,
   key       = {genetic algorithms connectionism neural networks cogann},
   author    = {Xin Yao},
   title     = {A Review of Evolutionary Artificial Neural Networks},
   journal   = {International Journal of Intelligent Systems},
   year      = {1993},
   month     = {April},
   volume    = {8},
   number    = {4},
   pages     = {539-67},
}
		  
@Article         {Yao98,
        author = {Xin Yao and Yong Liu},
         title = {{Towards Designing Artificial Neural Networks by Evolution}},
       journal = {Applied Mathematics and Computation, 91(1):83-90},
          year = 1998
}

@Article         {FalcoPPSN98,
        author = {I. De Falco; A. Iazzetta; P. Natale; E. Tarantino},
         title = {{Evolutionary Neural Networks for Nonlinear Dynamics Modeling}},
       journal = {Parallel Problem Solving from Nature 98. Lectures Notes in Computer Science, vol. 1498, 593-602},
          year = 1998
}

@Article         {Falco2,
        author = {I. De Falco; A. Della Cioppa; A. Iazzetta; P. Natale; E. Tarantino},
         title = {{Optimizing Neural Networks for Time Series Prediction}},
       journal = {Third World Conference on Soft Computing (WSC3), June 1998},
          year = 1998
}

		  
@InProceedings{branke95:eann,
  author =       {J{\"{u}}rgen Branke},
  title =        {Evolutionary Algorithms for Neural Network Design
                  and Training},
  booktitle =    {Proceedings of the 1st Nordic Workshop on Genetic
                  Algorithms and its Applictions},
  year =         1995
}

@TechReport{balakrishnan95:EDNA,
  author =       {Karthik Balakrishnan and Vasant Honavar},
  title =        {Evolutionary Design of Neural Architectures -- A
                  preliminary taxonomy and guide to literature},
  institution =  {AI Research Group},
  year =         1995,
  month =        {January},
  note =         {CS-TR 95-01}
}

@TechReport{Yao92,
  author =       "Yao, X.",
  title =        " A Review of Evolutionary Artificial Neural Networks",
  institution =  "CSIRO",
  year =         1992
}              
		  
@InProceedings{weiss94:nnec,
  author =       {Gerhard Weiss},
  title =        {Neural Networks and Evolutionary Computation. Part
                  I: Hybrid approaches in Artificial Intelligence},
  booktitle =    {ICEC'94},
  year =         1994,
  pages =        {268--272}
}           

@Article         {MAG98,
        author = {M.A. Gr\"{o}nroos},
         title = {{Evolutionary Design of Neural Networks}},
       journal = {Master of Science Thesis in Computer Science. Department of Mathematical Sciences. University of Turku.},
          year = 1998
}

@Article         {Gruau92,
        author = {Gruau, F.C.},
         title = {Cellular enconding of genetic neural networks},
       journal = {Technical Report, LIP-IMAG Ecole Normale Superieure de Lyon, 46 All\'{e}e d'Italie 69007 Lyon, France},
          year = 1992
}

@Article         {Dodd91,
        author = {Dodd N.; Macfarlane D.; Marland C.},
         title = {Optimisation of artificial neural networks structure using genetic techniques implemented on multiple transputers},
       journal = {Proceedings of Transputing 91},
          year = 1991
}

@Article         {Marin95,
        author = {Mar\'{\i}n F.J. ; Sandoval F.},
         title = {Dise\~{n}o de redes neuronales artificiales mediante algoritmos gen\'{e}ticos},
       journal = {Computaci\'{o}n neuronal. Universidad de Santiago de Compostela, pp.385-424},
          year = 1995
}
		  
@Article         {Yao98b,
        author = {Yong Liu and Xin Yao},
         title = {{Evolving Modular Neural Networks which Generalise Well}},
       journal = {Proceedings of the IEEE International Conference on Artificial Life and Robotics. AROBIII 98, M. Sugisake (ed.), vol 2, pp. 736-739},
          year = 1998
}

@Article         {Keesing,
        author = {R. Keesing and D.G. Stork},
         title = {Evolution and learning in neural networks: the number and distribution of learning trials affect the rate of evolution},
       journal = {Advances in Neural Information Processing Systems, 3, 805-810},
          year = 1991
}

@Article         {Baldwin,
        author = {Baldwin, J.M.},
         title = {A new factor in evolution},
       journal = {American Naturalist 30, 441-451},
          year = 1896
}

@Article         {Kitano90a,
        author = {Kitano H.},
         title = {Designing neural networks using genetic algorithms with graph generation system},
       journal = {Technical report, Center for Machine Translation, Carnegie Mellon University, Pittsburgh and NEC Corporation, Tokyo, Pittsburgh, PA.},
          year = 1990
}

@Article         {Kitano90b,
        author = {Kitano H.},
         title = {Designing neural networks using genetic algorithms with graph generation system},
       journal = {Complex Systems, Vol. 4, pp. 461-476},
          year = 1990
}

@Article         {Harp89,
        author = {Harp S.A. ; Smad T. ; Guha A.},
         title = {towards the genetic synthesis of neural networks},
       journal = {in Schaffer, J.D. (Ed.), Third International Conference on Genetic Algorithms, Morgan Kauffmann, 360-369},
          year = 1989
}

@Article         {Whitley93,
        author = {Whitley D. ; Starkweather T. ; Bogart C.},
         title = {Genetic Algorithms and Neural Networks: Optimizing Connections and Connectivity},
       journal = {Parallel computing, Vol. 14, pp. 347-361},
          year = 1993
}

@Article         {Schraudolph92,
        author = {Schraudolph N.N. and Belew R.K.},
         title = {Dynamic parameter encoding for genetic algorithms},
       journal = {Machine Learning, vol. 9, N. 1, 9-21},
          year = 1992
}
